@techreport{ncstate,
  author       = {Sarah Worth O'Brien and Kristy Jackson and Sarah Searcy and Shannon Warchol and Daniel Rodriguez and Christopher Cunningham and Meredith Stull and Montse Fuentes and Elizabeth Stolz}, 
  title        = {{2014-44 Phase I Final Report}},
  institution  = {Institute for Transportation Research and Education},
  year         = 2016,
  address      = {Raleigh, NC},
  url          = {https://itre.ncsu.edu/wp-content/uploads/2016/05/Phase-I-Report.pdf}
}
@techreport{dvrpc-bikes,
	author       = {Cassidy Boulan}, 
	title        = {{Process Memo 16008: DVRPC Regional Cyclical Bicycle Count Program Summary}},
	institution  = {Delaware Valley Regional Planning Commission},
	year         = 2016,
	address      = {Philadelphia, PA},
	url          = {https://www.scribd.com/doc/310407106/DVRPC-Bike-Counts-Summary-Memo}
}
@article{ryan,
	author  = {Sherry Ryan}, 
	title   = {Establishing an Automated Regional Non-Motorized Transportation Data Collection System to Support Active Transportation Performance Monitoring},
	journal = {TRB 92nd Annual Meeting Compendium of Papers},
	year    = 2013,
	pages   = {13-0351}
}



